@Article{Manduchi_2005,
  author = 	  {R. Manduchi and A. Castano and A. Talukder and L. Matthies},
  title = 	  {Obstacle Detection and Terrain Classification for Autonomous Off-road Navigation},
  journal = 	  {Autonomous Robot},
  year = 		  {2005},
  volume = 	  {18},
}

@InProceedings{Patel_2005,
  author = 	  {K. Patel and W. Macklem and S. Thrun and M. Montemerlo},
  title = 	  {Active Sensing for High-Speed Offroad Driving},
  booktitle = {Proceedings of the IEEE International Conference on Robotics and Automation (ICRA '05)},
  year = 	  {2005},
  address =   {Barcelona, Spain},
  month = 	  {April},
}

@InProceedings{Batavia_2002,
  author = 	  {P. H. Batavia and S. Singh},
  title = 	  {Obstacle Detection in Smooth High Curvature Terrain},
  booktitle = {Proceedings of the IEEE International Conference on Robotics and Automation (ICRA '02)},
  pages = 	  {3062 -- 3067},
  year = 	  {2002},
}

@InProceedings{Kohlhepp_2003,
  author = 	  {P. Kohlhepp and M. Walther and P. Steinhaus},
  title = 	  {{S}chritthaltende {3D-K}artierung und {L}okalisierung f{\"u}r mobile {I}nspektionsroboter},
  booktitle = {Proceedings of the Autonome Mobile Systeme 2003, 18. Fachgespr{\"a}che},
  year = 	  {2003},
  editor = 	  {R. Dillmann and H. W{\"o}rn and T. Gockel},
  month = 	  {December},
}

@INCOLLECTION{ThrunMapping_2002,
  AUTHOR         = {S. Thrun},
  TITLE          = {Robotic Mapping: A Survey},
  BOOKTITLE      = {Exploring Artificial Intelligence in the New Millenium},
  PUBLISHER      = {Morgan Kaufmann},
  YEAR           = {2002},
  EDITOR         = {Lakemeyer, G. and Nebel, B.},
}


@Article{Jensfelt01,
   author       = "P. Jensfelt and H. I. Christensen",
   title        = "Pose {T}racking {U}sing {L}aser {S}canning and {M}inimalistic {E}nvironmental {M}odels",
   journal      = "Journal of the IEEE Transactions on Robotics and Automation (TRA '01)",
   year         = "2001",
   volume       = "17",
   number       = "2",
   pages        = "138--147",
   month        = "April"
}

@InCollection{Cox_1991,
   author       = "I. J. Cox",
   title        = "Blanche: {P}osition {E}stimation for an {A}utonomous {R}obot {V}ehicle",
   year         = "1991",
   booktitle    = "Autonomous Mobile Robots: Control, Planning, and Architecture",
   volume       = "2",
   publisher    = "IEEE Computer Society Press",
   address      = "Los Alamitos, CA",
   pages        = "285--292",
}

@InProceedings{Borthwick94,
   author       = "S. Borthwick and H. Durrant-Whyte",
   title        = "Simultaneous {L}ocalisation and {M}ap {B}uilding for {A}utonomous {G}uided {V}ehicles",
   booktitle    = "Proceedings of the IEEE/RSJ International Conference on Intelligent Robots and Systems (IROS'94)",
   booklet      = "General I.L.L.",
   year         = "1994"
}

@InProceedings{roefer_2001,
   author       = "T. R{\"o}fer",
   title        = "Building consistent laser scan maps",
   booktitle    = "Proceedings of the 4th European Workshop on Advanced Mobile Robots (EUROBOT '01)",
   volume       = "86",
   pages        = "83--90",
   year         = "2001"
}

@InProceedings{weiss_1994,
   author       = "G. Wei{\ss} and C. Wetzler and E. von Puttkamer",
   title        = "Keeping {T}rack of {P}osition and {O}rientation of {M}oving {I}ndoor {S}ystems by {C}orrelation of {R}ange-{F}inder {S}cans",
   booktitle    = "Proceedings of the IEEE/RSJ International Conference on Intelligent Robots and Systems (IROS '94)",
   address      = "Munich, Germany",
   year         = "1994",
   pages        = "595--601"
}


@InProceedings{milios_1994,
   author       = "F. Lu and E. Milios",
   title        = "Robot {P}ose {E}stimation in {U}nknown {E}nvironments by {M}atching 2{D} {R}ange {S}cans",
   booktitle    = "IEEE Computer Vision and Pattern Recognition Conference (CVPR '94)",
   pages        = "935--938",
   year         = "1994"
}

@InProceedings{lu97globally,
   author       = "F. Lu and E. Milios",
   title        = "Globally {C}onsistent {R}ange {S}can {A}lignment for {E}nvironment {M}apping",
   booktitle    = "Autonomous Robots",
   volume       = "4",
   pages        = "333--349",
   year         = "1997"
}

@InProceedings{milios_1995,
   author       = "E. A. Pra{\ss}ler and E. Milios",
   title        = "Position {E}stimation {U}sing {E}quidistance {L}ines",
   booktitle    = "Proceedings of the IEEE International Conference on Robotics and Automation (ICRA '95)",
   year         = "1995",
   address      = "Nagoya, Aichi-ken, Japan",
   pages        = "85--92"
}

@InProceedings{Anguelov_2002,
  author = 	  {D. Anguelov and R. Biswas and D. Koller and B. Limketkai and S. Sanner and S. Thrun},
  title = 	  {Learning hierarchical object maps of non-stationary environments with mobile robots},
  booktitle = {Proceedings of the 18th Conference on Uncertainty in AI (UAI '02)},
  year = 	  {2002},
  address =   {Edmonton, Alberta, Canada},
  month = 	  {August},
}

@InProceedings{Biswas_2002,
  author = 	  {R. Biswas and B. Limketkai and S. Sanner and S. Thrun},
  title = 	  {Towards object mapping in dynamic environments with mobile robots},
  booktitle = {Proceedings of the Conference on Intelligent Robots and Systems (IROS '02)},
  address =   {Lausanne, Switzerland},
  month = 	  {September},
}

@Article{Kestler_2000,
  author = 	  {H. A. Kestler and S. Sablatn{\"o}g and S. Simon and S. Enderle and A. Baune and G. K. Kraetzschmar and F. Schwenker and G. Palm},
  title = 	  {Concurrent Object Identification and Localization for a Mobile Robot},
  journal = 	  {KI -- K{\"u}nstliche Intelligenz},
  pages        = "23-29",
  year = 		  {2000},
  number = 	  {4},
  month = 	  {April},
}

@InProceedings{Solda_2004,
  author = "Erik Solda and Rainer Worst and Joachim Hertzberg",
  title = "{P}oor {M}an's {G}yro-based {L}ocation.",
  booktitle = "Proceedings of the 5th IFAC Symposium on Intelligent Autonomous Vehicles (IAV '04)",
  month = "July",
  year = "2004",
  address = "Lisabon, Portugal"
}


@TechReport{TDP2006,
  author = 	  {K. Lingemann and A. N{\"u}chter and O. Wulf and H. Surmann and K. Perv{\"o}lz and J. Hertzberg and B. Wagner and T. Christaller},
  title = 	  {RoboCupRescue - Robot League Team, Team Deutschland1},
  institution =  {Team Description Paper, Rescue Robot League Competition},
  year = 		  {2006},
  address =   {Bremen, Germany},
  month = 	  {June},
}

@TechReport{TDP2005,
  author = 	  {H. Surmann and K. Lingemann and A. N{\"u}chter and M. Hennig and K. Perv{\"o}lz and O. Wulf and J. Hertzberg and B. Wagner and T. Christaller},
  title = 	  {RoboCupRescue - Robot League Team, Team Deutschland1},
  institution =  {Team Description Paper, Rescue Robot League Competition},
  year = 		  {2005},
  address =   {Osaka, Japan},
  month = 	  {July},
}

@Article{KI2006,
  author = 	  {A. N{\"u}chter and K. Lingemann and J. Hertzberg and O. Wulf and B. Wagner and K. Perv{\"o}lz and H. Surmann and T. Christaller},
  title = 	  {The RoboCup Rescue Team Deutschland1},
  journal = 	  {KI -- K{\"u}nstliche Intelligenz},
  year = 		  {2006 (accepted)},
}

@InProceedings{Brenneke_2003,
  author = "C. Brenneke and O. Wulf and B. A. Wagner",
  title = "{U}sing {3D} {L}aser {R}ange {D}ata for {SLAM} in {O}utdoor {E}nvironments",
  booktitle = "Proceedings of the IEEE/RSJ International Conference on Intelligent Robots and Systems (IROS '03)",
  month = "October",
  year = "2003",
  address = "Las Vegas, USA",
}

@InProceedings{Howard_2004,
  author =        {A. Howard and D. F. Wolf and G. S. Sukhatme},
  title =         {Towards 3D Mapping in Urban Environments},
  booktitle = {Proceedings of the IEEE/RSJ International Conference on Intelligent Robots and Systems (IROS '04)},
  year =          {2004},
  address =   {Sendai, Japan},
  month =      {September},
}


@InProceedings{Diebel_2004,
  author = "J. Diebel and K. Reutersw{\"a}rd and S. Thrun and J. Davis and R. Gupta",
  title =  "{S}imultaneous {L}ocalization and {M}apping with {A}ctive {S}tereo {V}ision",
  booktitle = "Proceedings of the IEEE/RSJ International Conference on Intelligent Robots and Systems (IROS '04)",
  month = "September",
  year = "2004",
  pages = "3436 -- 3443",
  address = "Sendai, Japan",
}


@InProceedings{Lowe_1999,
  author =        {D. G. Lowe},
  title =         {Object recognition from local scale-invariant features},
  booktitle = {Proceedings of the International Conference on Computer Vision (ICCV '99)},
  pages =         {1150 -- 1157},
  year =          {1999},
  address =   {Corfu, Greece},
  month =         {September},
}


@Article{Trullier_1997,
  author = 	  {O. Trullier and J.-A. Meyer},
  title = 	  {Biomimetic Navigation Models and Strategies in Animats},
  journal = 	  {AI Communications},
  year = 		  {1997},
  volume = 	  {10},
  number = 	  {2},
  pages = 	  {79 -- 92},
  month = 	  {July},
}

@InProceedings{Dias_2003,
  author =        {P. Dias and V. Sequeira and F. Vaz and J. G.M. Goncalves},
  title =         {{R}egistration and {F}usion of {I}ntensity and {R}ange {D}ata for {3D} {M}odelling of {R}eal {W}orld {S}cenes},
   booktitle = "Proceedings of the 4th IEEE International Conference on Recent Advances in 3D Digital Imaging and Modeling (3DIM '03)",
   month = "October",
   year = "2003",
   address = "Banff, Canada",
}

@Article{Kirby_1990,
  author = 	  {M. Kirby and L. Sirovich},
  title = 	  {Application of the Karhunen-Loeve procedure for the characterisation of human faces},
  journal = 	  {IEEE Transaction on Pattern Analysis and Machine Intelligence (PAMI)},
  year = 		  {1990},
  volume = 	  {12},
  pages = 	  {103 -- 108},
}

@book{Waltz_1975,
  author = 	  {D. L. Waltz},
  title = 	  {Understanding line drawings of scenes with shadows},
  journal = 	  {Psychology of Computer Vision},
  year = 		  {1975},
  publisher =    {McGraw-Hill},
  address = 	  {New York, U.S.A.},
}


@Article{Koch_1985,
  author = 	  {C. Koch and S. Ullman},
  title = 	  {Shifts in selective visual attantion: towards the underlaying visual circuitry.},
  journal = 	  {Human Neurobiology},
  year = 		  {1985},
  pages = 	  {219 -227},
}

@InProceedings{Lazebnik_2002,
  author = 	  {S. Lazebnik and A. Sethi and C. Schmid and D. J. Kriegman and J. Ponce and M. Hebert},
  title = 	  {{O}n {P}encils of {T}angent {P}lanes and the {R}ecognition of {S}mooth {3D} {S}hapes from {S}ilhouettes},
  booktitle = {Proceedings of the 7th European Conference on Computer Vision (ECCV '02)},
  year = 	  {2002},
  Taddress =   {Copenhagen, Denmark},
  month = 	  {May},
  pages = {651 -- 665}
}


@Article{Chen_1998,
  author = 	  {J. L. Chen and G. C. Stockman},
  title = 	  {3D free-form object recognition using indexing by contour features},
  journal = 	  {Journal of Computer Vision and Image Understanding (CVIU)},
  year = 		  {1998},
  Tvolume = 	  {71},
  Tpages = 	  {334 -- 335},
}

@InProceedings{Ponce_1989,
  author = 	  {J. Ponce and D. J. Kriegmann},
  title = 	  {{O}n recognizing and positioning curved {3D} objects from image contours},
  booktitle = {Proceedings of the IEEE Workshop on Interpretation of 3D Scenes},
  pages = 	  {61 -- 67},
  year = 	  {1989},
  address =   {Austin, TX, U.S.A.},
  month = 	  {November},
}

@InProceedings{IROS2004,
  author = "K. Lingemann and H. Surmann and A. N{\"u}chter and J. Hertzberg",
  title = "{I}ndoor and {O}utdoor {L}ocalization for {F}ast {M}obile {R}obots",
  booktitle = "Proceedings of the IEEE/RSJ International Conference on Intelligent Robots and Systems (IROS '04)",
  month = "September",
  pages = "2185 -- 2190",
  year = "2004",
  address = "Sendai, Japan",
}

@InProceedings{IROS2004_1,
  author = "S. Frintrop and A. N{\"u}chter and H. Surmann and J. Hertzberg",
  title = "{S}aliency-based {O}bject {R}ecognition in {3D} {D}ata",
  booktitle = "Proceedings of the IEEE/RSJ International Conference on Intelligent Robots and Systems (IROS '04)",
  month = "September",
  pages = "2167 -- 2172",
  year = "2004",
  address = "Sendai, Japan",
}

@Article{CVUI2005,
  author = 	  {S. Frintrop and E. Rome and A. N{\"u}chter and H. Surmann},
  title = 	  {{A} {B}imodal {L}aser-{B}ased {A}ttention {S}ystem},
  journal = 	  {Journal Computer Vision and Image Understanding (CVIU), Special Issue on Attention and Performance in Computer Vision},
  year = 		  {2005},
  volume = 	  {100},
  number = 	  {1-2},
  pages = 	  {124 -- 151},
  month = 	  {October -- November},
}

@InProceedings{ICVS2003,
  author = "S. Frintrop and E. Rome and A. N{\"u}chter and H. Surmann",
  title = "{A}n {A}ttentive, {M}ulti-modal {L}aser {E}ye",
  booktitle = "Proceedings of the third International Conference on Computer Vision Systems (ICVS '03)",
  month = "April",
  pages = "202 -- 211",
  year = "2003",
  address = "Graz, Austria",
}

@Article{Dorai_1997,
  author = 	  {C. Dorai and A. K. Jain},
  title = 	  {{COSMOS} --- {A} representation scheme for {3D} free form objects},
  journal = 	  {IEEE Transactions on Pattern Analysis and Machine Intelligence},
  year = 		  {1997},
  volume = 	  {19},
  pages = 	  {1115 -- 1130},
}

@Article{Chua_1997,
  author = 	  {C. S. Chua and R. Jarvis},
  title = 	  {{P}oint signatures: {A} new representation for {3D} object recognition},
  journal = 	  {International Journal Computer Vision},
  year = 		  {1997},
  volume = 	  {25},
  pages = 	  {63 -- 85},
}

@InProceedings{Camps_1998,
  author = 	  {O. I. Camps and C. Y. Huang and T. Kanungo},
  title = 	  {{H}ierarchical {O}rganization of {A}ppearance-{B}ased {P}arts and {R}elations},
  booktitle = {Proceedings of the IEEE Conference Computer Vision and pattern Recognition},
  pages = 	  {685 -- 691},
  year = 	  {1998},
  address =   {Santa Barbara, CA, U.S.A.},
  month = 	  {June},
}

@InCollection{Besl_1990,
  author = 	  {P. J. Besl},
  editor = 	  {H. Freeman},
  booktitle = 	  {{M}achine {V}ision for {T}hree-{D}imensional {S}cenes},
  title = 	  {The free-form surface matching problem},
  publisher = 	  {Academic Press},
  year = 		  {1990},
  address =   {San Diego, CA, U.S.A.},
}

@InProceedings{Pipitone_1993,
  author = 	  {F. Pipitone and W. Adams},
  title = 	  {Rapid recognition of freeform objects in noisy range images using tripod operators},
  booktitle = {Proceedings of the IEEE International Conference On Computer Vision},
  pages = 	  {715 -- 716},
  year = 	  {1993},
  address =   {Berlin, Germany},
  month = 	  {May},
}

@Article{Besl_1985,
  author = 	  {P. J. Besl and R. C. Jain},
  title = 	  {Three-dimensional object recognition},
  journal = 	  {Computing Surveys},
  year = 		  {1985},
  volume = 	  {17},
  pages = 	  {75 -- 145},
}

@Article{Campbell_2001,
  author = 	  {R. J. Campbell and P. J. Flynn},
  title = 	  {{A} {S}urvey {O}f {F}ree-{F}orm {O}bject {R}epresentation and {R}ecognition {T}echniques},
  journal = 	  {{C}omputer {V}ision and {I}mage {U}nderstanding {(CVIU)}},
  year = 		  {2001},
  volume = 	  {81},
  Tpages = 	  {166 -- 210},
}

@InProceedings{Campbell_1999,
  author = 	  {R. J. Campbell and P. J. Flynn},
  title = 	  {Eigenshapes for {3D} {O}bject {R}ecognition in {R}ange {D}ata},
  booktitle = {Proceedings of the IEEE Conference Computer Vision and Pattern Recognition (CVPR '99)},
  year = 	  {1999},
  address =   {Fort Collins, CO, U.S.A.},
}


@InProceedings{Andreasson_2005,
  author = 	  {H. Andreasson and R. Triebel and W. Burgard},
  title = 	  {{I}mproving {P}lane {E}xtraction from {3D} {D}ata by {F}using {L}aser {D}ata and {V}ision},
  booktitle = {Proceedings of the IEEE/RSJ International Conference on Intelligent Robots and Systems (IROS '05)},
  year = 	  {2005},
  month = 	  {August},
}


@InProceedings{RIIA2005,
  author = 	  {J. Hertzberg and K. Lingemann and A. N{\"u}chter},
  title = 	  {{USARSIM -- Game-Engines in der Robotik-Lehre}},
  booktitle = {Informatik 2005 -- Informatik LIVE, vol.1 (Beitr{\"a}ge der 35. Jahrestagung der Gesellschaft f{\"u}r Informatik, Bonn)},
  pages = 	  {158 -- 162},
  year = 	  {2005},
  address =   {Bonn, Germany},
  month = 	  {September},
}

@article{RAS2005,
  author = "K. Lingemann and A. N{\"u}chter and J. Hertzberg and H. Surmann",
  title = "High-{S}peed {L}aser {L}ocalization for {M}obile {R}obots",
  journal = "Journal Robotics and Autonomous Systems",
  volume = "(accepted)",
  year = "2005",
}


@InProceedings{ROBOCUP2005,
  author = "A. N{\"u}chter and O. Wulf and K. Lingemann and J. Hertzberg and B. Wagner and and H. Surmann",
  title = "{3D} {M}apping with {S}emantic {K}nowledge",
  booktitle = "Proceedings of the RoboCup International Symposium",
  year = "2005",
  address = "Osaka, Japan",
  month = "June",
}


@InProceedings{SSRR2005,
  author = "A. N{\"u}chter and K. Lingemann and J. Hertzberg and H. Surmann and K. Perv{\"o}lz and M. Hennig and K. R. Tiruchinapalli and R. Worst and T. Christaller",
  title = "{M}apping of {R}escue {E}nvironments with {Kurt3D}",
  booktitle = "Proceedings of the IEEE International Workshop on Rescue Robotics (SSRR '05)",
  pages = "158 -- 163",
  year = "2005",
  address = "Kobe, Japan",
  month = "June",
}

@article{Zhang_2000,
 author    = "Z. Zhang",
 title     = "{A} flexible new technique for camera calibration",
 journal   = "IEEE Transactions on Pattern Analysis and Machine Intelligence",
 number    = "22",
 volume    = "11",
 pages     = "1330 -- 1334",
 year      = "2000",
}


@ARTICLE{Thr98Pro,
  AUTHOR  = {S. Thrun. and W. Burgard and D. Fox},
  TITLE   = {A Probabilistic Approach to Concurrent Mapping and Localization for MobileRobots},
  JOURNAL = {Machine Learning and Autonomous Robots (joint issue)},
  NUMBER  = {31/5},
  YEAR    = {1998}
}

@ARTICLE{Thrun_1998a,
  AUTHOR         = {S. Thrun},
  YEAR           = {1998},
  TITLE          = {Learning Metric-Topological Maps for Indoor 
                   Mobile Robot Navigation},
  JOURNAL        = {Artificial Intelligence},
  VOLUME         = {99},
  NUMBER         = {1},
  PAGES          = {21--71}
}

@article{Kuipers_1991,
  author = {B. Kuipers and Y. T. Byun},
  title = {A robot exploration and mapping strategy based on a semantic hierarchy of spatial representations},
  journal = {Journal of Robotics and Autonomous Systems},
  volume = "8",
  year = "1991",
}

@InProceedings{Eberst_1996,
  author = "C. Eberst and J. Sicheneder",
  title = "{G}eneration of {H}ypothetical {L}andmarks {S}upporting {F}ast {O}bject {R}ecognition with {A}utonomous {M}obile {R}obots",
  booktitle = "Proceedings of the IEEE/RSJ International Conference on Intelligent Robots and Systems (IROS '96)",
  month = "November",
  year = "1996",
  address = "Osaka, Japan",
}

@article{Leonard_1991,
 author = {J.J. Leonard and Hugh Durrant-Whyte},
 title = {Localization by tracking geometric beacons},
 journal = {IEEE Transactions on Robotics and Automation},
 volume = {7},
 number = {6},
 year = {1991},
 }

@article{Kweon_1992,
 author = {I. S. Kweon and T. Kanade},
 title = {High-Resolution Terrain Map from Multiple Sensor Data},
 journal = {IEEE Trans. Pattern Anal. Mach. Intell.},
 volume = {14},
 number = {2},
 year = {1992},
 issn = {0162-8828},
 pages = {278--292},
 doi = {http://dx.doi.org/10.1109/34.121795},
 publisher = {IEEE Computer Society},
 }

@article{Musser_1997,
 author = {D. R. Musser},
 title = {Introspective sorting and selection algorithms},
 journal = {Software Practice \& Experience},
 volume = {27},
 number = {8},
 year = {1997},
 pages = {983--993},
 publisher = {John Wiley \& Sons, Inc.},
 }

@article{Rome_1999,
  author = "E. Rome and J. Hertzberg and F. Kirchner and U. Licht and H. Streich and Th. Christaller",
  title = "Towards Autonomous Sewer Robots: the MAKRO Project",
  journal = "Urban Water",
  volume = "1",
  pages = {57 -- 70},
  year = 1999,
}

@article{Nevado_2004,
  author = "M. M. Nevado and J. G. Garcia-Bermejo and E. Z. Casanova",
  title = "Obtaining {3D} models of indoor environments with a mobile robot by estimating local surface directions",
  journal = "Robotics and Autonomous Systems",
  volume = "48",
  month = "August",
  year = "2004",
  pages = "131 -- 143",
}

@Article{Georgiev_2004,
  author = {A. Georgiev and P. K. Allen},
  title = "{L}ocalization {M}ethods for a {M}obile {R}obot in {U}rban {E}nvironments",
journal =      {IEEE Transaction on Robotics and Automation (TRO)},
 year =      {2004},
 OPTkey =      {},
 volume =      {20},
number = "5",
 pages =      {851 -- 864},
 month =      {October},
}

@Article{Murphy_2004,
  author = {R. R. Murphy},
  title = "{A}ctivities of the {R}escue {R}obots at the {W}orld {T}rade {C}enter from 11-21 {S}eptember 2001",
journal =      {IEEE Robotics \& Automation Magazine},
 year =      {2004},
 OPTkey =      {},
 volume =      {11},
number = "3",
 pages =      {851 -- 864},
 month =      {September},
}

@Article{Murphy_2004_1,
  author = {R. R. Murphy},
  title = "Rescue Robotics for Homeland Security",
journal =      {Communications of the ACM, Special Issue on Homeland Security},
 year =      {2004},
 OPTkey =      {},
 volume =      {27},
number = "3",
 pages =      {66 -- 69},
 month =      {March},
}


@inproceedings{Scholtz_2003,
 author = {Jean Scholtz},
 title = {Theory and Evaluation of Human Robot Interactions},
 booktitle = {Proceedings of the 36th Annual Hawaii International Conference on System Sciences (HICSS'03)},
 year = {2003},
 address = {Washington, DC, U.S.A.},
}

@Article{Burke_2004,
  author = {J. Burke and R. R. Murphy and E. Rogers and  J. Scholtz and V. Lumelsky},
  title = "Final Report for the DARPA/NSF Interdisciplinary Study on Human-Robot Interaction",
journal =      {IEEE Systems, Man and Cybernetics Part A},
 year =      {2004},
 OPTkey =      {},
 volume =      {34},
number = "2",
 month =      {May}
}

@InProceedings{Biber_2004,
  author = "P. Biber and H. Andreasson and T. Duckett and A. Schilling",
  title = "{3D} {M}odeling of {I}ndoor {E}nvironments by a {M}obile {R}obot with a {L}aser {S}canner and {P}anoramic {C}amera",
  booktitle = "Proceedings of the IEEE/RSJ International Conference on Intelligent Robots and Systems (IROS '04)",
  month = "September",
  year = "2004",
  address = "Sendai, Japan",
}

@InProceedings{Birk_2004,
  author = "St. Carpin and H. Kenn and A. Birk",
  title = "{A}utonomous {M}apping in the {R}eal {R}obots {R}escue {L}eague",
  booktitle = "Proceedings of RoboCup 2003: Robot Soccer World Cup VII",
  year = "2004",
}

@InProceedings{ICAR2005_2,
  author = "A. N{\"u}chter and K. Lingemann and J. Hertzberg and H. Surmann",
  title = "{6D SLAM} with {A}pproximate {D}ata {A}ssocioation",
  booktitle = "Proceedings of the 12th International Conference on Advanced Robotics (ICAR '05)",
  month = "July",
  pages = "242 -- 249",
  year = "2005",
}

@InProceedings{ICAR2005_1,
  author = "A. N{\"u}chter and K. Lingemann and J. Hertzberg and H. Surmann",
  title = "{A}ccurate {O}bject {L}ocalization in {3D} {L}aser {R}ange {S}cans",
  booktitle = "Proceedings of the 12th International Conference on Advanced Robotics (ICAR '05)",
  month = "July",
  pages = "665 -- 672",
  year = "2005",
}

@InProceedings{Wulf_2004,
  author = "O. Wulf and  K. O. Arras and H. I. Christensen and B. A. Wagner",
  title = "{2D} {M}apping of {C}luttered {I}ndoor {E}nvironments by {M}eans of {3D} {P}erception",
  booktitle = "Proceedings of the IEEE International Conference on Robotics and Automation (ICRA '04)",
  month = "April",
  year = "2004",
  pages = "4204 -- 4209",
  address = "New Orleans, USA",
}

@InProceedings{Wulf_2005,
  author = "O. Wulf and  B. A. Wagner and M. Khalaf-Allah",
  title = "Using {3D} data for {M}onte {C}arlo localization in complex indoor environments",
  booktitle = "Proceedings of the second European Conference on Mobile Robotics",
  month = "September",
  year = "2005",
  pages = "170 -- 175",
  address = "Ancona, Italy",
}


@InProceedings{Huang_1997,
  author = 	  {C. Y. Huang and O. I. Camps and T. Kanungo},
  title = 	  {Object Recognition using appearance-based parts and relations},
  booktitle = {Proceedings of the IEEE Conference Computer Vision and pattern Recognition},
  year = 	  {1997},
  address =   {San Juan, Puerto Rico},
  month = 	  {June},
  pages = {877 -- 882},
}

@Article{Murase_1995,
  author = 	  {H. Murase and S. K. Nayar},
  title = 	  {Visual learning and recognition of {3-D} objects from appearance},
  journal = 	  {International Journal Comupter Vision},
  year = 		  {1995},
  volume = 	  {14},
  pages = 	  {5 -- 24},
}

@Article{Mokhtarian_1995,
  author = 	  {F. Mokhtarian},
  title = 	  {Silhouette-based isolated object recognition through curvature scale space},
  journal = 	  {IEEE Transaction on Pattern Analysis and Machine Intelligence (PAMI)},
  year = 		  {1995},
  volume = 	  {17},
  pages = 	  {539 -- 544},
}

@Article{Stein_1992,
  author = {F. Stein and G. Medioni},
  title = "Structural indexing: Efficient 3D object recognition",
journal =      {IEEE Transaction on Pattern Analysis and machine Vision (PAMI)},
 year =      {1992},
 OPTkey =      {},
 volume =      {14},
 pages =      {125 -- 145},
 month =      {February},
}

@InProceedings{Ashrock_1998,
  author = {A. P. Ashrock and R. B. Fisher and C. Robertson and N. Werghi},
  title = "{F}inding surface correspondences for object recognition and registration using pairwise historams",
  booktitle = "Proceedings of the European Conference on Computer Vision (ECCV '98)",
  address = "Freiburg, Germany",
  pages = "185 -- 201",
  month = "June",
  year = "1998"
}

@InProceedings{Zhang_1999,
  author = {D. Zhang and M. Hebert},
  title = "{H}armonic maps and their application in surface matching",
  booktitle = "Proceedings of the IEEE Conference on Computer Vision and Pattern Recognition (CVPR '99)",
  address = "Ft. Collins, CO, U.S.A.",
  pages = "2524 -- 2530",
  month = "June",
  year = "1999"
}

@Article{Sun_2003,
 author =      {Y. Sun and J. Paik and A. Koschan and D. Page and M. Abidi},
 title =      {{P}oint {F}ingerprint: {A}n {N}ew {3D} {O}bject {R}epresention {S}cheme},
 journal =      {IEEE transaction on Systems, Man, and Cybernetics --- Part B: Cybernetics},
 year =      {2003},
 OPTkey =      {},
 volume =      {33},
 number =      {4},
 pages =      {},
 OPTmonth =      {August},
 OPTnote =      {},
 OPTannote =      {}
}

@Article{Viola_2004,
 author =      {Paul Viola and Michael J. Jones},
 title =      {Robust Real-Time Face Detection},
 journal =      {International Journal of Computer Vision},
 year =      {2004},
 OPTkey =      {},
 volume =      {57},
 number =      {2},
 pages =      {137 -- 154},
 month =      {May},
 OPTnote =      {},
 OPTannote =      {http://www.kluweronline.com/issn/0920-5691; vorher erschienen: siehe Viola_2001}
} 

@Misc{WWWvolksbot,
  OPTkey = 	  {},
  author = 	  {Fraunhofer Gesellschaft - AIS},
  title = 	  {The volksbot robot, \texttt{http://www.ais.fraunhofer.de/BE/ volksbot/}},
  OPThowpublished = {},
  OPTmonth = 	  {},
  year = 	  {2004},
  OPTnote = 	  {},
  OPTannote = 	  {}
}

@Article{Golfarelli_2001,
  author = "M. Golfarelli and D. Maio and S. Rizzi",
  title = "Correction of dead-reckoning errors in map building for mobile robots",
  journal = "IEEE Transaction on Robotics and Automation (TRA)",
year = "2001",
 volume =   {17},
 number =      {1},
 month =      {May},
}

@InProceedings{Fritzke_1995,
author = {B. Fritzke},
  title = "{A} growing neural gas network learns topologies",
  booktitle = "Advances in Neural Information Processing Systems 7 - Proceedings of the 7th Advances in Neural Information Processing Systems (NIPS '95)",
  year = "1995",
  pages = "625 -- 632",
  address = "Cambridge, MA, USA"
}

@InProceedings{Frese_2001,
author = {U. Frese and G. Hirzinger},
  title = "{S}imultaneous {L}ocalization and {M}apping -- {A} {D}iscussion",
  booktitle = "Proceedings of the IJCAI Workshop on Reasoning with Uncertainty in Robotics",
  month = "August",
  year = "2001",
  pages = "17 -- 26",
  address = "Seattle, USA"
}

@InProceedings{ICRA2004_CMU,
author = {Chr. Baker and A. Chr. Morris and D. Ferguson and S. Thayer and Ch. Whittaker and Z. Omohundro and C. Reverte and W. R. L. Whittaker and D. H\"{a}hnel and S. Thrun},
  title = "A Campaign in Autonomous Mine Mapping",
  booktitle = "Proceedings of the IEEE International Conference on Robotics and Automation (ICRA '04)",
  month = "April",
  year = "2004",
  pages = "1998 -- 2003",
  address = "New Orleans, USA"
}

@InProceedings{ICRA2004,
  author = "A. N{\"u}chter and H. Surmann and K. Lingemann and J. Hertzberg and S. Thrun",
  title = "{6D SLAM} with an {A}pplication in Autonomous Mine Mapping",
  booktitle = "Proceedings of the IEEE International Conference on Robotics and Automation",
  month = "April",
  year = "2004",
  pages = "1998 -- 2003",
  address = "New Orleans, USA"
}

@InProceedings{IAV2004,
  author = "H. Surmann and A. N{\"u}chter and K. Lingemann and J. Hertzberg",
  title = "{6D SLAM} {A} {P}reliminary {R}eport on {C}losing the {L}oop in {S}ix {D}imensions",
  booktitle = "Proceedings of the 5th IFAC Symposium on Intelligent Autonomous Vehicles (IAV '04)",
  month = "July",
  year = "2004",
  address = "Lisabon, Portugal"
}

@InProceedings{IAS2004,
  author = "A. N{\"u}chter and H. Surmann and and J. Hertzberg",
  title = "{A}utomatic {C}lassification of {O}bjects in {3D} {L}aser {R}ange {S}cans",
  booktitle = "Proceedings of the 8th Conference on Intelligent Autonomous Systems (IAS '04)",
  month = "March",
  year = "2004",
  pages = "963 -- 970",
  address = "Amsterdam, The Netherlands"
}


@Book{DIPLOM2002,
  author    = "A. N{\"u}chter",
  title     = "Autonome Exploration und Modellierung von 3D-Umgebungen, GMD Report 157",
  publisher = {GMD},
  address   = "Sankt Augustin",
  year      = "2002",
}

@article{RAAS2003,
  author = "H. Surmann and A. N{\"u}chter and J. Hertzberg",
  title = "{A}n autonomous mobile robot with a {3D} laser range finder for {3D} exploration and digitalization of indoor en
vironments",
  journal = "Journal Robotics and Autonomous Systems",
  volume = "45",
  number = "3 -- 4",
  month = "December",
  year = "2003",
  pages = "181 -- 198",
}

@InProceedings{VMV2003,
  author = "A. N{\"u}chter and H. Surmann and K. Lingemann and J. Hertzberg",
  title = "{S}emantic {S}cene {A}nalysis of {S}canned {3D} {I}ndoor {E}nvironments",
  booktitle = "Proceedings of the of the 8th International Fall Workshop Vision, Modeling, and Visualization (VMV '03)",
  month = "November",
  year = "2003",
  pages = "215 -- 222",
  address = "Munich, Germany"
}

@article{Berns_1997,
   author = "K. Berns and Th. Christaller and R. Dillmann and J. Hertzberg and W. Ilg and M. Kemmann and E. Rome and H. Stapelfeldt",
   title = "{LAOKOON} -- Lernf{\"a}hige autonome kooperierende {K}analroboter",
   journal   = "KI",
   volume    = "11",
   number    = "2",
   year      = "1997",
   pages     = "28 -- 32",
}

@InProceedings{KI2003,
  author = "A. N{\"u}chter and H. Surmann and K. Lingemann and J. Hertzberg",
  title = "{C}onsistent {3D} {M}odel {C}onstruction with {A}utonomous {M}obile {R}obots",
  booktitle = "KI 2003: Advances in Artificial Intelligence. 26th Annual German Conference on AI, Proceedings Springer LNAI vol. 2821",
  month = "September",
  year = "2003",
  pages = "550 -- 564",
  address = "Hamburg, Germany"
}

@InProceedings{KI2005,
  author = "A. N{\"u}chter and K. Lingemann and J. Hertzberg and H. Surmann ",
  title = "{H}euristic-{B}ased {L}aser {S}can {M}atching for {O}utdoor {6D} {SLAM}",
  booktitle = "KI 2005: Advances in Artificial Intelligence. 28th Annual German Conference on AI, Proceedings Springer LNAI vol. 3698",
  month = "September",
  year = "2005",
  pages = "304 -- 319",
  address = "Koblenz, Germany"
}


@InProceedings{3DIM2003,
   author = "A. N{\"u}chter and H. Surmann and J. Hertzberg",
   title = "{A}utomatic {M}odel {R}efinement for {3D} {R}econstruction with {M}obile {R}obots",
   booktitle = "Proceedings of the 4th IEEE International Conference on Recent Advances in 3D Digital Imaging and Modeling (3DIM '03)",
   month = "October",
   year = "2003",
   address = "Banff, Canada",
   pages = "394 -- 401",
}

@InProceedings{ECMR2005,
   author = "K. Lingemann and A. N{\"u}chter and J. Hertzberg and H. Surmann",
   title = "{A}bout the {C}ontrol of {H}igh {S}peed {M}obile {I}ndoor {R}obots",
   booktitle = "Proceedings of the Second European Conference on Mobile Robotics (ECMR '05)",
   month = "September",
   year = "2005",
   address = "Ancona, Italy",
   pages = "218 -- 223",
}

@InProceedings{ICAR2003,
   author = "A. N{\"u}chter and H. Surmann and J. Hertzberg",
   title = "{P}lanning {R}obot {M}otion for {3D} {D}igitalization of {I}ndoor {E}nvironments",
   booktitle = "Proceedings of the 11th International Conference on Advanced Robotics (ICAR '03)",
   month = "June",
   year = "2003",
   address = "Coimbra, Portugal",
   pages = "222 -- 227",
}

@InProceedings{Levoy_2003,
   author = "N. Gelfand and S. Rusinkiewicz and M. Levoy",
   title = "{G}eometrically {S}table {S}ampling for the {ICP} {A}lgorithm",
   booktitle = "Proceedings of the 4th IEEE International Conference on Recent Advances in 3D Digital Imaging and Modeling (3DIM '03)",
   month = "October",
   year = "2003",
   address = "Banff, Canada",
   pages = "(accepted)",
}

@InProceedings{Greenspan_2000,
  author = 	  {M. A. Greenspan and G. Godin and J. Talbot},
  title = 	  {{A}cceleration of {B}inning {N}earest {N}eighbor {M}ethods},
  OPTcrossref =  {},
  OPTkey = 	  {},
  booktitle = {Proceedings of the Conference Vision Interface},
  OPTpages = 	  {},
  year = 	  {2000},
  OPTeditor = 	  {},
  OPTvolume = 	  {},
  OPTnumber = 	  {},
  OPTseries = 	  {},
  OPTaddress =   {Montreal, Canada},
  OPTmonth = 	  {},
  OPTorganization = {},
  OPTpublisher = {},
  OPTnote = 	  {},
  OPTannote = 	  {}
}

@Article{Rivest_1974,
  author = 	  {R. L. Rivest},
  title = 	  {On the optimality of Elias's algorithm for performing best match searches},
  journal = 	  {Information Processing},
  year = 		  {1974},
  OPTkey = 	  {},
  volume = 	  {74},
  OPTnumber = 	  {},
  pages = 	  {678 -- 681},
  OPTmonth = 	  {},
  OPTnote = 	  {},
  OPTannote = 	  {}
}

@InProceedings{Fitzgibbon_2001,
  author = 	  {A.W. Fitzgibbon},
  title = 	  {{R}obust {R}egistration of {2D} and {3D} {P}oint {S}ets},
  OPTcrossref =  {},
  OPTkey = 	  {},
  booktitle = {Proceedings of the 12th British Machine Vision Conference (BMVC '01)},
  OPTpages = 	  {},
  year = 	  {2001},
  OPTeditor = 	  {},
  OPTvolume = 	  {},
  OPTnumber = 	  {},
  OPTseries = 	  {},
  OPTaddress =   {},
  OPTmonth = 	  {},
  OPTorganization = {},
  OPTpublisher = {},
  OPTnote = 	  {},
  OPTannote = 	  {}
}

@Article{ThrunLiu_2004,
  author = 	  {S. Thrun and Y. Liu and D. Koller and A. Y. Ng and Z. Ghahramani and H. F. Durrant-Whyte},
  title = 	  {Simultaneous localization and Mapping with Sparse Extended Information Filters},
  journal = 	  {Machine Learning and Autonomous Robots},
  year = 		  {2004},
  OPTkey = 	  {},
  volume = 	  {23},
  number = 	  {7 -- 8},
  pages = 	  {693 -- 716},
  month = 	  {July/August},
  OPTnote = 	  {},
  OPTannote = 	  {}
}

@Article{Thrun_1998,
  author = 	  {S. Thrun and W. Burgard and D. Fox},
  title = 	  {A probabilistic approach to concurrent mapping and localization for mobile robots},
  journal = 	  {Machine Learning and Autonomous Robots},
  year = 		  {1997},
  OPTkey = 	  {},
  volume = 	  {31},
  number = 	  {5},
  pages = 	  {1 -- 25},
  OPTmonth = 	  {October},
  OPTnote = 	  {},
  OPTannote = 	  {}
}

@Article{Lu_1997,
  author = 	  {F. Lu and E. Milios},
  title = 	  {{G}lobally {C}onsistent {R}ange {S}can {A}lignment for {E}nvironment {M}apping},
  journal = 	  {Autonomous Robots},
  year = 		  {1997},
  OPTkey = 	  {},
  volume = 	  {4},
  number = 	  {4},
  pages = 	  {333 -- 349},
  month = 	  {October},
  OPTnote = 	  {},
  OPTannote = 	  {}
}

@Article{Dissanayake_2001,
  author = 	  {M. W. M. G. Dissanayake and P. Newman and S. Clark and H. F. Durrant-Whyte and M. Csorba},
  title = 	  {A {S}olution to the {S}imultaneous {L}ocalization and {M}ap {B}uilding {(SLAM)} {P}roblem},
  journal = 	  {IEEE Transactions on Robotics and Automation},
  year = 		  {2001},
  OPTkey = 	  {},
  volume = 	  {17},
  number = 	  {3},
  pages = 	  {229 -- 241},
  month = 	  {June},
  OPTnote = 	  {},
  OPTannote = 	  {}
}

@Article{Arun_1987,
  author = 	  {K. S. Arun and T. S. Huang and S. D. Blostein},
  title = 	  {Least Square Fitting of Two 3-D Point Sets},
  journal = 	  {IEEE Transactions on Pattern Analysis and Machine Intelligence},
  year = 		  {1987},
  OPTkey = 	  {},
  volume = 	  {9},
  number = 	  {5},
  pages = 	  {698 -- 700},
  OPTmonth = 	  {September},
  OPTnote = 	  {},
  OPTannote = 	  {}
}

@InProceedings{Fisher_2002,
   author = "R. B. Fisher",
   title = "{A}pplying knowledge to reverse engeniering problems",
   booktitle = "Proceedings of the International Conference. Geometric Modeling and Processing (GMP '02)",
   month = "July",
   year = "2002",
   address = "Riken, Japan",
   pages = "149 -- 155",
}

@Book{Schoening,
  author = 	  "U. Sch{\"o}ning",
  title = 	  "Logik f{\"u}r Informatiker",
  publisher =    "Spektrum Akademischer Verlag",
  year = 		  "2000",
}

@InProceedings{Robertson_2000,
   author = "C. Robertson and R. B. Fisher and N. Werghi and A. P. Ashbrook",
   title = "{F}itting of {C}onstrained {F}eature {M}odels to {P}oor {3D} {D}ata",
   booktitle = "Proceedings of the Adaptive Computing in Design and Manufacture (ACDM '00)",
   month = "April",
   year = "2000",
   address = "Plymouth, UK",
   pages = "149 -- 160",
}

@InProceedings{Cantzler_2002_1,
   author = "H. Cantzler and R. B. Fisher and M. Devy",
   title = "{Q}uality enhancement of reconstructed {3D} models using coplanarity and constraints",
   booktitle = "Proceedings of annual Symposium for Pattern Recognition (DAGM '02)",
   address = "Z{\"u}rich, Switzerland",
   month = "September",
   year = "2002",
   pages = "34 -- 41",
}

@InProceedings{Cantzler_2002_2,
   author = "H. Cantzler and R. B. Fisher and M. Devy",
   title = "{I}mproving architectural {3D} reconstruction by plane and edge constraining",
   booktitle = "Proceedings of the British Machine Vision Conference (BMVC '02)",
   month = "September",
   year = "2002",
   address = "Cardiff, U.K.",
   pages = "43 -- 52",
}


@InProceedings{Liu_2001,
   author = "Y. Liu and R. Emery and D. Chakrabarti and W. Burgard and S. Thrun",
   title = "{U}sing {EM} to {L}earn {3D} {M}odels of {I}ndoor {E}nvironments with {M}obile {R}obots",
   booktitle = "Proceedings of the 18th Conference on Machine Learning",
   month = "July",
   year = "2001",
   address = "Williams College",
   pages = "",
}

@InProceedings{Grau_1997,
   author = "O. Grau",
   title = "{A} {S}cene {A}nalysis {S}ystem for the {G}eneration of {3-D} {M}odels",
   booktitle = "Proceedings IEEE International Conference on Recent Advances in 3D Digital Imaging and Modeling (3DIM '97)",
   address = "Ottawa, Canada",
   month = "May",
   year = "1997",
   pages = "221 -- 228",
}

@article{Tonjes_1999,
   author = "R. T{\"o}njes and S. Growe and J. B{\"u}ckner and C.-E. Liedtke",
   title = "{K}nowledge {B}ased {I}nterpretation of {R}emote {S}ensing {I}mages {U}sing {S}emantic {N}ets",
   journal = "Photogrammetric Engineering and Remote Sensing",
   volume = "65",
   number = "7",
   month = "July",
   year = "1999",
   pages = "221 -- 228",
}

@Book{NumericalRecipes,
  author    = "W. H. Press and B. P. Flannery and S. A. Teukolsky and W. T. Vetterling",
  title     = "Numerical Recipes in C : The Art of Scientific Computing",
  publisher = "Cambridge University Press",
  year      = "1993",
  month     = "January",
}


@article{Powell_1964,
 author    = "M. J. D. Powell",
 title     = "An efficient method for finding the minimum of a function of several variables without calculating derivatives",
 journal   = "Computer Journal",
 volume    = "7",
 year      = "1964",
 pages     = "155 -- 162",
}


@misc{RANSAC, 
  author = "The RANSAC (Random Sample Consensus) Algorithm",
  title = "\texttt{http://www.dai.ed.ac.uk/CV\linebreak online/LOCAL\_COPIES/FISHER/RANSAC/}",
  year = "2003" 
}

@misc{SWI, 
  author = "SWI Prolog",
  title = "\texttt{http://www.swi-prolog.org/}",
  year = "2003" 
}

@Book{REPORT2003,
  author = 	  "H. Surmann and A. N{\"u}chter and J. Hertzberg",
  title = 	  "Autonomous Mobile Robots for 3D Digitalization of Indoor Environments, GMD Report 147",
  publisher =    "GMD - Forschungszentrum Informationstechnik GmbH",
  year = 		  "2003",
}

@misc{FHG-IPM,
  author = "The Fraunhofer Institute for Physical Measurement Techniques IPM",
  title = "\texttt{http://www.ipm.fraunhofer.de/english/fields/}",
  year = "2002",
  address ="Freiburg, Germany",
}

@InProceedings{Viola_2001,
   author = "P. Viola and M. Jones",
   title = "{R}obust {R}eal-time {O}bject {D}etection",
   booktitle = "Proceedings of the second International Workshop on Statistical and Computational Theories of Vision -- Modeling, Learning, Computing and Sampling",
   address = "Vancouver, Canada",
   month = "July",
   year = "2001",
}

@InProceedings{Lienhart_2002,
   author = "R. Lienhart and J. Maydt",
   title = "{A}n {E}xtended {S}et of {H}aar-like {F}eatures for {R}apid {O}bject {D}etection",
   booktitle = "Proceedings of the IEEE Conference on Image Processing (ICIP '02)",
   address = "New York, USA",
   month = "Septmber",
   year = "2002",
   pages  = "155 -- 162",
}

@InProceedings{Lienhart_2003,
   author = "R. Lienhart and L. Liang and A. Kuranov",
   title = "A {D}etector {T}ree of {B}oosted {C}lassifiers for {R}eal-time {O}bject {D}etection and {T}racking",
   booktitle = "Proceedings of the IEEE International Conference on Multimedia \& Expo (ICME '03)",
   address = "New York, USA",
   month = "July",
   year = "2003",
}

@InProceedings{Lienhart_2003_1,
   author = "R. Lienhart and  A. Kuranov and V. Pisarevsky",
   title = "{E}mpirical {A}nalysis of {D}etection {C}ascades of {B}oosted {C}lassifiers for {R}apid {O}bject {D}etection",
   booktitle = "Proceedings of the German 25th Pattern Recognition Symposium (DAGM '03)",
   address = "Magdeburg, Germany",
   month = "September",
   year = "2003",
}

@Article{Turk_1991,
  author = 	  {M. Turk and P. Pentland},
  title = 	  {Eigenfaces for Recognition},
  journal = 	  {Journal Cognitive Neuroscience},
  year = 		  {1991},
  volume = 	  {3},
  pages = 	  {71 -- 86},
}

@inproceedings{Carmichael_2002,
   author = "O. Carmichael and M. Hebert",
   title = "{O}bject {R}ecognition by a {C}ascade of {E}dge {P}robes",
   booktitle = "Proceedings of the 13th British Machine Vision Conference (BMVC '02)",
   month = "September",
   address = "Cardiff, U.K.",
   year = "2002",
   volume = "1",
   pages = "103 -- 112",
}

@article{Hartmann_2002,
 author    = "R. Lienhart and A. Hartmann",
 title     = "{C}lassifying images on the web automatically",
 journal   = "Journal of Electronic Imaging",
 volume    = "11",
 number    = "4",
 year      = "2002",
 month     = "October",
 pages     = "445 -- 454",
}

@inproceedings{Freund_1996,
  author    = "Y. Freund and R. E. Schapire",
  title     = "{E}xperiments with a new boosting algorithm",
  booktitle = "Machine Learning: Proceedings of the 13th International Conference",
  pages     = "148 -- 156",
  year      = "1996", 
}

@inproceedings{Se_2001,
   author = "S. Se and D. Lowe and J. Little",
   title = "{L}ocal and {G}lobal {L}ocalization for {M}obile {R}obots using {V}isual {L}andmarks",
   booktitle = "Proceedings of the IEEE/RSJ International Conference on Intelligent Robots and Systems (IROS '01)",
   month = "October",
   address = "Hawaii, USA",
   year = "2001",
}

@inproceedings{Launay_2001,
  author = "F. Launay and A. Ohya and S. Yuta",
  title = "{A}utonomous {I}ndoor {M}obile {R}obot {N}avigation by detecting {F}luorescent {T}ubes",
  booktitle = "Proccedings of the 10th International Conference on Advanced Robotics (ICAR '01)",
  month ="August",
  address = "Budapest, Hungary",
  year = "2001",
}

@inproceedings{Dellaert_1999,
   author = "F. Dellaert and W. Burgard and D. Fox and S. Thrun",
   title = "{U}sing the {C}ondensation {A}lgorithm for {R}obust, {V}ision-based {M}obile {R}obot {L}ocalization",
   booktitle = "Proceedings of the IEEE Conference on Computer Vision and Pattern Recognition (CVPR '99)",
   address = "Ft. Collins, U.S.A",
   month = "June",
   year = "1999",
}

@inproceedings{Correa_2003,
   author = "S. Ruiz-Correa and L. G. Shapiro and M. Meila",
   title = "{A} {N}ew {P}aradigm for {R}ecognizing {3-D} {O}bject {S}hapes from {R}ange {D}ata",
   booktitle = "Proceedings of the IEEE Conference on Computer Vision and Pattern Recognition (CVPR '03)",
   address = "Madison, U.S.A.",
   month = "June",
   year = "2003",
}

@inproceedings{Papageorgio_1998,
   author = "C. Papageorgiou and M. Oren and T. Poggio",
   title = "{A} general framework for object detection",
   booktitle = " Proceedings of the 6th International Conference on Computer Vision (ICCV '98)",
   address = "Bombay, India",
   month = "January",
   year = "1998",
}

@article{Rowley_1998,
 author    = "H. Rowley and S. Baluja and T. Kanade",
 title     = "{N}eural network-based face detection",
 journal   = "IEEE Transactions on Pattern Analysis and Machine Intelligence",
 volume    = "20",
 number    = "1",
 year      = "1998",
 month     = "January",
 pages     = "23 -- 38",
}

@article{Haar_1910,
 author    = "A. Haar",
 title     = "{Z}ur {T}heorie der orthogonalen {F}unktionensysteme",
 journal   = "Mathematische Annalen",
 number    = "69",
 pages     = "331 -- 371",
 year      = "1910",
}

@inproceedings{Greenspan_2003,
   author = "M. Greenspan and M. Yurick",
   title = "{A}pproximate {K}-{D} {T}ree {S}earch for {E}fficient {ICP}",
   booktitle = "Proceedings of the 4th IEEE International Conference on Recent Advances in 3D Digital Imaging and Modeling (3DIM '03)",
   month = "October",
   year = "2003",
   address = "Banff, Canada",
   pages = "442 -- 448",
}

@inproceedings{Boulanger_2002,
   author = "P. Boulanger and O. Jokinen and A. Beraldin",
   title = "{I}ntrinsic {F}iltering of {R}ange {I}mages {U}sing a {P}hysically {B}ased {N}oise {M}odel",
   booktitle = "Proceedings of the 15th International Conference on Vision Interface",
   month = "May",
   year = "2002",
   address = "Calgary, Canada",
   pages = "320 -- 331",
}

@INPROCEEDINGS{Morris03a,
  AUTHOR        = {Morris, A. and Kurth, D. and Whittaker, W. and Thayer, S.},
  TITLE         = {Case Studies of a Borehole Deployable Robot for Limestone Mine
Profiling and Mapping},
  YEAR          = {2003},
  BOOKTITLE     = {Proceedings of the International Conference on Field and
Service Robotics},
  ADDRESS       = {Lake Yamanaka, Japan}
}

@ARTICLE{Belwood91a,
  AUTHOR        = {J.J. Belwood and R.J. Waugh},
  TITLE         = {Bats and Mines: Abandoned Does Not Always Mean Empty },
  JOURNAL       = {Bats},
  YEAR          = {1991},
  VOLUME        = {9},
  NUMBER        = {3}
}

@MISC{Pauley02a,
  AUTHOR        = {E. Pauley and T. Shumaker and B. Cole},
  TITLE         = {Preliminary report of investigation: Underground Bituminous Coal
Mine, Non-Injury Mine Inundation Accident (Entrapment), {J}uly 24, 2002,
{Q}uecreek, {P}ennsylvania},
  NOTE  = {Black Wolf Coal Company, Inc. for the PA Bureau of Deep Mine Safety},
  YEAR          = {2002}
}

@INPROCEEDINGS{Corke96a,
  AUTHOR        = {P. Corke and J. Cunningham and D. Dekker and and H. Durrant-Whyte},
  TITLE         = {Autonomous underground vehicles},
  YEAR          = {1996},
  MONTH         = {September},
  BOOKTITLE     = {Proceedings of the CMTE Mining Technology Conference},
  PAGES         = {16--22},
  ADDRESS       = {Perth, Australia}
}

@PHDTHESIS{Bailey02a,
  AUTHOR        = {Bailey, T.},
  TITLE         = {Mobile Robot Localisation and Mapping in Extensive Outdoor
Environments},
  YEAR          = {2002},
  SCHOOL        = {University of Sydney},
  ADDRESS       = {Sydney, NSW, Australia}
}

@INPROCEEDINGS{Haehnel02c,
  AUTHOR        = {S. Thrun and D. H\"{a}hnel and D. Ferguson and M. Montemerlo and
R. Triebel and W. Burgard and C. Baker and Z. Omohundro and S. Thayer and W.
Whittaker},
  TITLE         = {A System for Volumetric Robotic Mapping of Abandoned Mines},
  YEAR          = {2003},
  BOOKTITLE      = {Proceedings of the IEEE International Conference on
Robotics and Automation (ICRA '03)},
  ADDDRESS      = {Taipei, Taiwan}
}

@INPROCEEDINGS{Ferguson03a,
  AUTHOR        = {D. Ferguson and A. Morris and D. H\"{a}hnel and C. Baker and Z.
Omohundro and C. Reverte and S. Thayer and W. Whittaker and W. Whittaker and
W. Burgard and S. Thrun},
  TITLE         = {An Autonomous Robotic System for Mapping Abandoned Mines},
  YEAR          = {2003},
  BOOKTITLE     = {Proceedings of Conference on Neural Information Processing
Systems (NIPS)},
  EDITOR        = {S. Thrun and L. Saul and B. Sch\"{o}lkopf},
  PUBLISHER     = {MIT Press}
}

@InProceedings{Folkesson_2003,
  title        = "Outdoor {E}xploration and {SLAM} using a {C}ompressed {F}ilter",
  author       = "J. Folkesson and H. Christensen",
  booktitle    = "Proceedings of the IEEE International Conference on Robotics and Automation (ICRA '03)",
  year         = "2003",
  month        = "September",
  address      = "Taipei, Taiwan",
  pages        = "419--426",
}

@PhdThesis{Clark_1999,
  author = 	  {S. Clark},
  title = 	  {{A}utonomous {L}and {V}ehicle {N}avigation},
  school = 	  {The University of Sydney},
  year = 		  {1999},
  address =   {Sydney, Australia},
}

@InProceedings{Suomela_1995,
  author = 	  {J. Suomela and J. Kuusela and A. Halme},
  title = 	  {{A} {M}ilimeter wave radar for close terrain mapping of an intelligent autonomous vehicle},
  booktitle = {Proceedings of the 2nd IFAC Conference on Intelligent Autonomous Vehicles},
  pages = 	  {349 -- 354},
  year = 	  {1995},
  address =   {Helsinki, Finnland},
}

